<?xml version="1.0" encoding="UTF-8"?><record xmlns="http://www.loc.gov/MARC21/slim" xmlns:cinclude="http://apache.org/cocoon/include/1.0" xmlns:zs="http://www.loc.gov/zing/srw/">
  <leader>01134cz  a2200265n  4500</leader>
  <controlfield tag="001">nr 93017624 </controlfield>
  <controlfield tag="003">DLC</controlfield>
  <controlfield tag="005">20130312102006.0</controlfield>
  <controlfield tag="008">930512n| acannaab           |a aaa     c</controlfield>
  <datafield tag="010" ind1=" " ind2=" ">
    <subfield code="a">nr 93017624 </subfield>
  </datafield>
  <datafield tag="035" ind1=" " ind2=" ">
    <subfield code="a">(Uk)tb019989</subfield>
  </datafield>
  <datafield tag="040" ind1=" " ind2=" ">
    <subfield code="a">Uk/ESTC-NA</subfield>
    <subfield code="b">eng</subfield>
    <subfield code="c">ESTC-NA</subfield>
    <subfield code="d">DLC</subfield>
  </datafield>
  <datafield tag="046" ind1=" " ind2=" ">
    <subfield code="s">13</subfield>
  </datafield>
  <datafield tag="100" ind1="0" ind2=" ">
    <subfield code="a">Giovanni,</subfield>
    <subfield code="c">Fiorentino,</subfield>
    <subfield code="d">active 14th century</subfield>
  </datafield>
  <datafield tag="400" ind1="1" ind2=" ">
    <subfield code="a">Fiorentino, Giovanni,</subfield>
    <subfield code="d">active 14th century</subfield>
  </datafield>
  <datafield tag="400" ind1="1" ind2=" ">
    <subfield code="a">Florentinus, Joannes,</subfield>
    <subfield code="d">active 14th century</subfield>
  </datafield>
  <datafield tag="400" ind1="0" ind2=" ">
    <subfield code="w">nnea</subfield>
    <subfield code="a">Giovanni,</subfield>
    <subfield code="c">Fiorentino,</subfield>
    <subfield code="d">14th cent.</subfield>
  </datafield>
  <datafield tag="400" ind1="0" ind2=" ">
    <subfield code="a">Joannes,</subfield>
    <subfield code="c">Florentinus,</subfield>
    <subfield code="d">active 14th century</subfield>
  </datafield>
  <datafield tag="667" ind1=" " ind2=" ">
    <subfield code="a">THIS 1XX FIELD CANNOT BE USED UNDER RDA UNTIL THIS RECORD HAS BEEN REVIEWED AND/OR UPDATED</subfield>
  </datafield>
  <datafield tag="667" ind1=" " ind2=" ">
    <subfield code="a">Data provided by the ESTC/BL</subfield>
  </datafield>
  <datafield tag="670" ind1=" " ind2=" ">
    <subfield code="a">His Il pecorone di Ser Giovanni fiorentino, 1793.</subfield>
  </datafield>
  <datafield tag="670" ind1=" " ind2=" ">
    <subfield code="a">NUC pre-56</subfield>
    <subfield code="b">(Giovanni Fiorentino, 14th cent.)</subfield>
  </datafield>
  <datafield tag="670" ind1=" " ind2=" ">
    <subfield code="a">BN</subfield>
    <subfield code="b">(Giovanni Fiorentino; usage: Giovanni Fiorentino; Joannes dictus Florentinus)</subfield>
  </datafield>
  <datafield tag="670" ind1=" " ind2=" ">
    <subfield code="a">Grande dizionario enciclopedio Utet, 1969</subfield>
    <subfield code="b">(Giovanni Fiorentino, Ser. Novellierre, 14th cent.)</subfield>
  </datafield>
  <datafield tag="670" ind1=" " ind2=" ">
    <subfield code="a">LC in RLIN, 05-12-93</subfield>
    <subfield code="b">(hdg.: Giovanni Fiorentino, 14th cent.)</subfield>
  </datafield>
</record>